<record><leader>00000cas a22000007a 4500</leader><controlfield tag="001">35907297</controlfield><controlfield tag="008">961113d19141928vauwr ne      0    0eng d</controlfield><datafield ind1=" " ind2=" " tag="010"><subfield code="a">sn 96096646 </subfield></datafield><datafield ind1=" " ind2=" " tag="040"><subfield code="a">NVK</subfield><subfield code="b">eng</subfield><subfield code="c">NVK</subfield><subfield code="d">OCL</subfield><subfield code="d">OCLCQ</subfield><subfield code="d">NVK</subfield><subfield code="d">OCLCF</subfield><subfield code="d">NVK</subfield><subfield code="d">OCLCO</subfield></datafield><datafield ind1="1" ind2=" " tag="029"><subfield code="a">AU@</subfield><subfield code="b">000012911426</subfield></datafield><datafield ind1=" " ind2=" " tag="042"><subfield code="a">msc</subfield></datafield><datafield ind1=" " ind2=" " tag="043"><subfield code="a">n-us-va</subfield></datafield><datafield ind1="0" ind2=" " tag="130"><subfield code="a">West Point news (West Point, Va.)</subfield></datafield><datafield ind1="1" ind2="4" tag="245"><subfield code="a">The West Point news.</subfield></datafield><datafield ind1="1" ind2="3" tag="246"><subfield code="a">News</subfield></datafield><datafield ind1=" " ind2=" " tag="260"><subfield code="a">West Point, Va :</subfield><subfield code="b">West Point Pub. Corp.,</subfield><subfield code="c">1914-</subfield></datafield><datafield ind1=" " ind2=" " tag="300"><subfield code="a">v.</subfield></datafield><datafield ind1=" " ind2=" " tag="310"><subfield code="a">Weekly</subfield></datafield><datafield ind1="0" ind2=" " tag="362"><subfield code="a">Vol. 27, no. 48 (Dec. 4, 1914)-</subfield></datafield><datafield ind1="1" ind2=" " tag="362"><subfield code="a">Ceased in 1928?</subfield></datafield><datafield ind1=" " ind2=" " tag="500"><subfield code="a">"Devoted to the uplifting of West Point and all Tidewater Virginia."</subfield></datafield><datafield ind1=" " ind2=" " tag="500"><subfield code="a">The West Point News became the News in Jan. 1928.</subfield></datafield><datafield ind1=" " ind2="0" tag="651"><subfield code="a">West Point (Va.)</subfield><subfield code="v">Newspapers.</subfield></datafield><datafield ind1=" " ind2="7" tag="651"><subfield code="a">Virginia</subfield><subfield code="z">West Point.</subfield><subfield code="2">fast</subfield><subfield code="0">(OCoLC)fst01227180</subfield></datafield><datafield ind1=" " ind2="7" tag="655"><subfield code="a">Newspapers.</subfield><subfield code="2">fast</subfield><subfield code="0">(OCoLC)fst01423814</subfield></datafield><datafield ind1=" " ind2=" " tag="752"><subfield code="a">United States</subfield><subfield code="b">Virginia</subfield><subfield code="c">King William</subfield><subfield code="d">West Point.</subfield></datafield><datafield ind1="0" ind2="0" tag="780"><subfield code="t">Weekly news (West Point, Va.)</subfield><subfield code="w">(DLC)  2010271415</subfield></datafield><datafield ind1="1" ind2="0" tag="785"><subfield code="t">Tidewater review</subfield><subfield code="w">(DLC)sn 86071902</subfield></datafield><datafield ind1=" " ind2=" " tag="936"><subfield code="a">Vol. 41, no. 26 (Aug. 31, 1928) LIC</subfield></datafield></record>